@online{TLDatasheet1,
  author = {Vishay},
  title = {IRF 540 POWER MOSFET},
  url = {https://www.vishay.com/docs/91021/irf540.pdf},
  urldate = {2024-04-16},
}